<record><leader>00000cas a22000007a 4500</leader><controlfield tag="001">15134553</controlfield><controlfield tag="008">870130d18791927iauwr ne      0    0eng d</controlfield><datafield ind1=" " ind2=" " tag="010"><subfield code="a">sn 87057012 </subfield></datafield><datafield ind1=" " ind2=" " tag="040"><subfield code="a">INP</subfield><subfield code="b">eng</subfield><subfield code="c">INP</subfield><subfield code="d">NYS</subfield><subfield code="d">CNK</subfield><subfield code="d">OCLCQ</subfield><subfield code="d">OCLCF</subfield><subfield code="d">OCLCO</subfield></datafield><datafield ind1="1" ind2=" " tag="029"><subfield code="a">AU@</subfield><subfield code="b">000025830693</subfield></datafield><datafield ind1=" " ind2=" " tag="042"><subfield code="a">msc</subfield></datafield><datafield ind1=" " ind2=" " tag="043"><subfield code="a">n-us-ia</subfield></datafield><datafield ind1="0" ind2="0" tag="245"><subfield code="a">Calhoun County Republican.</subfield></datafield><datafield ind1=" " ind2=" " tag="260"><subfield code="a">Rockwell City, Iowa :</subfield><subfield code="b">Byron Mattison</subfield></datafield><datafield ind1=" " ind2=" " tag="300"><subfield code="a">v. :</subfield><subfield code="b">ill. ;</subfield><subfield code="c">56 cm.</subfield></datafield><datafield ind1=" " ind2=" " tag="310"><subfield code="a">Weekly</subfield></datafield><datafield ind1="1" ind2=" " tag="362"><subfield code="a">Issued May? 1879-Nov.? 1927.</subfield><subfield code="z">Cf. Bibl. of Iowa newspapers.</subfield></datafield><datafield ind1=" " ind2=" " tag="588"><subfield code="a">Description based on: Vol. 11, no. 24 (Nov. 15, 1889).</subfield></datafield><datafield ind1=" " ind2="0" tag="651"><subfield code="a">Rockwell City (Iowa)</subfield><subfield code="v">Newspapers.</subfield></datafield><datafield ind1=" " ind2="7" tag="655"><subfield code="a">Newspapers.</subfield><subfield code="2">fast</subfield><subfield code="0">(OCoLC)fst01423814</subfield></datafield><datafield ind1=" " ind2="7" tag="651"><subfield code="a">Iowa</subfield><subfield code="z">Rockwell City.</subfield><subfield code="2">fast</subfield><subfield code="0">(OCoLC)fst01248928</subfield></datafield><datafield ind1=" " ind2=" " tag="752"><subfield code="a">United States</subfield><subfield code="b">Iowa</subfield><subfield code="c">Calhoun</subfield><subfield code="d">Rockwell City.</subfield></datafield><datafield ind1="0" ind2="7" tag="785"><subfield code="t">Rockwell City advocate (Rockwell City, Iowa : 1893)</subfield><subfield code="w">(DLC)sn 86060272</subfield></datafield><datafield ind1="0" ind2="7" tag="785"><subfield code="t">Rockwell City advocate and the Calhoun County Republican</subfield><subfield code="w">(DLC)sn 86060276</subfield></datafield></record>